@article{cincotti2007sps,
author = {Cincotti, A. and Locci, A. M. and Orr√π, R. and Cao, G.},
title = {Modeling of {SPS} apparatus: Temperature, current and strain distribution with no powders},
journal = {AIChE Journal},
volume = {53},
number = {3},
pages = {703-719},
doi = {10.1002/aic.11102},
year = {2007}
}

@article{babu2001contactresistance,
author = {Babu, S. S. and Santella, M. L. and Feng, Z. and Riemer, B. W. and Cohron, J. W.},
title = {Empirical model of effects of pressure and temperature on electrical contact resistance of metals},
journal = {Sci Technol Weld Joining},
volume = {6},
number = {3},
pages = {126-132},
year = {2001}
}

@book{griffiths-intro,
  author = {David J. Griffiths},
  title = {Introduction to Electrodynamics},
  edition = {3rd},
  year = {1999},
  publisher = {Prentice Hall},
  address = {Upper Saddle River, New Jersey, USA}
}

@book{jin-computation,
  author = {Jian-Ming Jin},
  title = {Theory and Computation of Electromagnetic Fields},
  edition = {1st},
  year = {2010},
  publisher = {John Wiley \& Sons},
  address = {Hoboken, New Jersey, USA}
}

@book{jin-fem,
  author = {Jian-Ming Jin},
  title = {The Finite Element Method in Electromagnetics},
  edition = {3rd},
  year = {2014},
  publisher = {John Wiley \& Sons},
  address = {Hoboken, New Jersey, USA}
}

@book{silver,
  author = {Samuel Silver},
  title = {Microwave Antenna Theory and Design},
  publisher = {The Institute of Engineering and Technology},
  address = {Stevenage, UK},
  year = {1984},
  doi = {10.1049/PBEW019E}
}

@book{harrington-eigenvalues,
  author = {Roger F. Harrington},
  title = {Time-Harmonic Electromagnetic Fields},
  year = {1961},
  address = {New York},
  publisher = {McGraw-Hill}
}

@book{cheng,
  author = {David K. Cheng},
  title = {Field and Wave Electromagnetics},
  edition = {2nd Ed},
  publisher = {Addison-Wesley},
  address = {Reading, MA, USA},
  year = {1989}
}

@article{warren-and-scott-mesh,
  author = {Gregory S. Warren and Waymond R. Scott Jr.},
  title = {Numerical dispersion in the finite-element method using triangular edge elements},
  journal = {Microwave and Optical Technology Letters},
  volume = {9},
  issue = {6},
  pages = {315--319},
  year = {1995},
  doi = {10.1002/mop.4650090606}
}

@article{warren-and-scott-order,
  author = {Gregory S. Warren and Waymond R. Scott Jr.},
  title = {Numerical dispersion of higher-order nodal elements in the finite element method},
  journal = {IEEE Trans. Antennas Propagat.},
  volume = {44},
  issue = {3},
  pages = {317--320},
  year = {1996},
  doi = {10.1109/8.486299}
}

@article{slepc-paper,
   author  = {Vicente Hernandez and Jose E. Roman and Vicente Vidal},
   title   = {{SLEPc}: A scalable and flexible toolkit for the solution of eigenvalue problems},
   journal = {{ACM} Trans. Math. Software},
   volume  = {31},
   number  = {3},
   pages   = {351--362},
   year    = {2005}
}

@TechReport{nasa-fem-eigenvalue-problems,
  author = {C.~J. Reddy and Manohar~D. Deshpande and C.~R. Cockrell and Fred~B. Beck},
  title = {Finite Element Method for Eigenvalue Problems in Electromagnetics},
  institution = {National Aeronautics and Space Administration},
  year = {1994},
  number = {NASA-TP-3485},
  url = {https://ntrs.nasa.gov/citations/19950011772}
}

@misc{comsol-circular-port-boundary-condition,
  author = {Aline Tomasian},
  title = {COMSOL Blog: How to Use Circular Ports in the RF Module},
  howpublished = {Online},
  year = {2019},
  month = may,
  url = {https://www.comsol.com/blogs/how-to-use-circular-ports-in-the-rf-module/},
  note = {(Accessed 2021-06-05)}
}
