@book{NyeBook,
	Author = {Nye, J. F.},
	Publisher = {Oxford University Press Inc.},
	Title = {{Physical Properties of Crystals}},
	Year = {1985}
}

@article{Jungwirth2016,
  title={{Antiferromagnetic spintronics}},
  author={Jungwirth, T. and Marti, X. and Wadley, P. and Wunderlich, J.},
  volume={11},
  pages={231-241},
  year={2016},
  journal={Nature Nanotechnology}
}

@article{Hirohata2020,
  title={{Review on spintronics: Principles and device applications}},
  author={Hirohata, A. and Yamada, K. and Nakatani, Y. and Prejbeanu, I.-L. and Di\'{e}ny, B. and Pirro, P. and Hillebrands, B.},
  volume={509},
  issue={166711},
  year={2020},
  journal={Journal of Magnetism and Magnetic Materials}
}

@article{Parsonet2022,
  title={{Nonvolatile Electric Field Control of Thermal Magnons in the Absence of an Applied Magnetic Field}},
  author={Parsonet, E. and Caretta, L. and Nagarajan, V. and Zhang, H. and Taghinejad, H. and Behera, P. and Huang, X. and Kavle, P. and Fernandez, A. and Nikonov, D. and Li, H. and Young, I. and Analytis, J. and Ramesh, R.},
  volume={129},
  issue={087601},
  year={2022},
  journal={Physical Review Letters}
}

@article{Gruszecki2015,
  title={{Influence of magnetic surface anisotropy on spin wave reflection from the edge of ferromagnetic film}},
  author={Gruszecki, P. and Dadoenkova, Yu. S. and Dadoenkova, N. N. and Lyubchanskii, I. L. and Romero-Vivas, J. and Guslienko, K. Y. and Krawczyk, M.},
  volume={92},
  issue={054427},
  year={2015},
  journal={Physical Review B}
}

@article{Cheng2014,
  title={{Spin Pumping and Spin-Transfer Torques in Antiferromagnets}},
  author={Cheng, Ran and Xiao, Jiang and Niu, Qian and Brataas, Arne},
  journal={Phys. Rev. Lett.},
  volume={113},
  eid={057601},
  year={2014},
  publisher={American Physical Society}
}

@BOOK{StohrBook,
   author       = {St\"{o}hr, J. and Siegmann, H. C.},
   year         = {2006},
   title        = {{Magnetism: From Fundamentals to Nanoscale Dynamics}},
   publisher    = {Springer}
}

@article{Bernasconi1995,
  title={{Temperature dependence and dispersion of electro-optic and elasto-optic effect in perovskite crystals}},
  author={Bernasconi, P. and Zgonik, M. and G\"{u}nter, P.},
  journal={Journal of Applied Physics},
  volume={78},
  number={2651},
  year={1995},
  publisher={AIP}
}

@article{Weingart2012,
  title={{Noncollinear magnetism and single-ion anisotropy in multiferroic perovskites}},
  author={Weingart, Carlo and Spaldin, Nicola and Bousquet, Eric},
  journal={Physical Review B},
  volume={86},
  number={094413},
  year={2012},
  publisher={American Physical Society}
}

@article{Rahmedov2012,
  title={{Magnetic Cycloid of BiFeO₃ from Atomistic Simulations}},
  author={Rahmedov, Dovran and Wang, Dawei and Íñiguez, Jorge and Bellaiche, Laurent},
  journal={Physical Review Lett.},
  volume={109},
  number={037207},
  year={2012},
  publisher={American Physical Society}
}

@article{Zhong1994,
  title={{Soft-mode spectroscopy: Experimental studies of structural phase transitions}},
  author={Zhong, W. and Vanderbilt, D. and Rabe, K. M.},
  journal={Physical Review Letters},
  volume={73},
  number={1861},
  year={1994}
}

@article{Bhattacharjee2014,
  title={{Ultrafast Switching of the Electric Polarization and Magnetic Chirality in BiFeO₃  by an Electric Field}},
  author={Bhattacharjee, Satadeep and Rahmedov, Dovran and Wang, Dawei and Íñiguez, Jorge and Bellaiche, Laurent},
  journal={Physical Review Lett.},
  volume={112},
  number={147601},
  year={2014},
  publisher={American Physical Society}
}

@article{Heo2022,
  title={{Dynamic Control of Piezoelectricity Enhancement via Modulation of the Bulk Photovoltaic Effect in a BiFeO₃ Thin Film}},
  author={Heo, Y. and Zhang, H. and Alexe, M.},
  journal={Advanced Electronics Materials},
  volume={8},
  number={2200785},
  year={2022}
}

@article{Xu2021,
  title={{First-principles study of spin spirals in the multiferroic BiFeO₃}},
  author={Xu, B. and Meyer, S. and Verstraete, M. J. and Bellaiche, L. and Dup\'{e}, B.},
  journal={Physical Review B},
  volume={103},
  number={214423},
  year={2021},
  publisher={American Physical Society}
}

@article{Xu2019,
  title={{Magnetic interactions in BiFeO₃: A first-principles study}},
  author={Xu, Changsong and Xu, Bin and Dup\'{e}, Bertrand and Bellaiche, Laurent},
  journal={Physical Review B},
  volume={99},
  number={104420},
  year={2019},
  publisher={American Physical Society}
}

@article{Basuala2022,
  title={{Towards modeling thermoelectric properties of anisotropic polycrystalline materials}},
  author={Basaula, D. and Daeipour, M. and Kuna, L. and Mangeri, J. and Feygelson, B. and Nakhmanson, S.},
  journal={Acta Materialia},
  volume={228},
  eid={117743},
  year={2022},
  publisher={Elsevier}
}

@article{Ederer2005,
  title={{Weak ferromagnetism and magnetoelectric coupling in bismuth ferrite}},
  author={Ederer, Claude and Spaldin, Nicola A.},
  journal={Physical Review B},
  volume={71},
  number={060401},
  year={2005},
  publisher={American Physical Society}
}

@article{Spaldin2019,
  title={{Advances in magnetoelectric multiferroics}},
  author={Spaldin, Nicola A. and Ramesh, R.},
  journal={Nature Materials},
  volume={18},
  pages={203-212},
  year={2019},
  publisher={Nature}
}


@article{Rezende2019,
  title={{Introduction to antiferromagnetic magnons}},
  author={Rezende, S. M. and Azevedo, A. and Rodr\'{i}guez-Su\'{a}rez, R. L.},
  journal={Journal of Applied Physics},
  volume={126},
  eid={151101},
  year={2019}
}

@article{Fedorova2022,
  title={{First-principles Landau-like potential for BiFeO₃ and related materials}},
  author={Fedorova, Natalya and Nikonov, Dimitri E. and Li, Hai and Young, Ian A. and Íñiguez, Jorge},
  journal={Physical Review B},
  volume={106},
  eid={165122},
  year={2022},
  publisher={American Physical Society}
}

@article{Garanin2004,
  title={{Thermal fluctuations and longitudinal relaxation of single-domain magnetic particles at elevated temperatures}},
  author={Garanin, D. A. and Chubykalo-Fesenko, O.},
  journal={Physical Review B},
  volume={70},
  eid={212409},
  year={2004},
  publisher={American Physical Society}
}

@article{Dixit2015,
  title={{Stabilization of weak ferromagnetism by strong magnetic response to epitaxial strain in multiferroic BiFeO₃}},
  author={Dixit, Hemant and Hee Lee, Jun and Krogel, Jaron T. and Okamoto, Satoshi and Cooper, Valentino R.},
  journal={Sci. Rep.},
  volume={5},
  issue={12969},
  year={2015},
  publisher={Nature Publishing Group}
}

@article{Marton2010,
  title={{Domain walls of ferroelectric BaTiO₃ within the Ginzburg-Landau-Devonshire phenomenological model}},
  author={Marton, P. and Rychetsky, I. and Hlinka, J.},
  journal={Phys. Rev. B},
  volume={81},
  eid={144125},
  year={2010},
  publisher={American Physical Society}
}

@article{Biswas2020,
  title={{Development of a finite element based strain periodicity implementation method}},
  author={Biswas, Sudipta and Schwen, Daniel and Hales, Jason D.},
  journal={Finite Elements Anal. Design},
  volume={179},
  issue={103436},
  year={2020},
  publisher={Elsevier}
}

@article{Agbelele2017,
  title={{Strain and Magnetic Field Induced Spin-Structure Transitions in Multiferroic BiFeO₃}},
  author={Agbelele, A. and Sando, D. and Toulouse, C. and Paillard, C. and Johnson, R. D. and R\"{u}ffer, R. and Popkov, A. F. and Carr\'{e}t\'{e}ro, C. and Rovillain, P. and Le Breton, J.-M. and Dkhil, B. and Cazayous, M. and Gallais, Y. and M\'{e}asson, M.-A. and Sacuto, A. and Manuel, P. and Zvezdin, A. K. and Barth\'{e}l\'{e}my, A. and Juraszek, J. and Bibes, M.},
  journal={Adv. Mater},
  volume={29},
  issue={1602327},
  year={2017},
  publisher={Wiley}
}

@article{Heron2014,
  title={{Deterministic switching of ferromagnetism at room temperature using an electric field}},
  author={Heron, J.T. and Bosse, J.L. and He, Q and Gao, Y. and Trassin, M. and Ye, L. and Clarkson, J.D. and Wang, C. and Liu, Jian and Salahuddin, S. and Ralph, D.C. and Schlom, D.G. and Iniguez, J. and Huey, B.D. and Ramesh, R.},
  volume={516},
  pages={370},
  year={2014},
  journal={Nature}
}

@article{Fiebig2016,
  title={{The evolution of multiferroics}},
  author={Fiebig, M. and Lottermoser, T. and Meier, D. and Trassin, M.},
  volume={1},
  number={16046},
  year={2016},
  journal={Nature Reviews Materials}
}

@article{Hlinka2006,
  title={{Phenomenological model of a $90^\circ$ domain wall in BaTiO₃-type ferroelectrics}},
  author={Hlinka, J. and Marton, P.},
  volume={74},
  number={104104},
  year={2006},
  journal={Physical Review B}
}

@article{Chen2008,
  title={Phase-Field Method of Phase Transitions/Domain Structures in Ferroelectric Thin Films: A Review},
  author={Chen, L.-Q.},
  volume={91},
  pages={1835-1844},
  issue={6},
  year={2008},
  journal={Journal of the American Ceramic Society}
}

@article{Dieguez2013,
  title={{Domain walls in a perovskite oxide with two primary structural order parameters: First-principles study of BiFeO₃}},
  author={Di\'{e}guez, O. and Aguado-Puente, P. and Junquera, J. and Iniguez, J.},
  volume={87},
  number={024102},
  year={2013},
  journal={Physical Review B}
}

@article{Mangeri2023,
  title={{A coupled magnetostructural continuum model for multiferroic BiFeO₃}},
  author={Mangeri, J. and Rodrigues, D. and Biswas, S. and Graf, M. and Heinonen, O. and Iniguez, J.},
  year={2023},
  volume={108},
  number={094101},
  journal={Physical Review B}
}

@article{Jiang2016,
  title={{An O(N) and parallel approach to integral problems by a kernel-independent fast multipole method: Application to polarization and magnetization of interacting particles}},
  author={Jiang, X. and Li, J. and Zhao, X. and Qin, J. and Karpeev, D. and Hernandez-Ortiz, J. and de Pablo, J. J. and Heinonen, O.},
  volume={145},
  issue={064309},
  year={2016},
  journal={Journal of Chemical Physics}
}

@article{Marton2017,
  title={{First-principles-based Landau-Devonshire potential for BiFeO₃}},
  author={Marton, P. and Kl\'{i}\v{c}, A. and Pa\'{s}ciak, M. and Hlinka, J.},
  volume={96},
  issue={174110},
  year={2017},
  journal={Physical Review B}
}


@article{Xue2021,
  title={{Theory and phase-field simulations of electrical control of spin cycloids in a multiferroic}},
  author={Xue, F. and Yang, T. and Chen, L.-Q.},
  volume={103},
  issue={064202},
  year={2021},
  journal={Physical Review B}
}

@article{Fidler2000,
  title={{Micromagnetic modelling - the current state of the art}},
  author={Fidler, J. and Schref, T.},
  volume={33},
  issue={R135},
  year={2000},
  journal={Journal of Physics D: Applied Physics}
}

@article{Taherinejad2012,
  title={{Bloch-type domain walls in rhombohedral BaTiO₃}},
  author={Taherinejad, M. and Vanderbilt, D. and Marton, P. and Stepkova, V. and Hlinka, J.},
  volume={86},
  issue={155138},
  year={2012},
  journal={Phys. Rev. B}
}

@article{Cao1990,
  title={{Landau-Ginzburg model of interphase boundaries in improper ferroelastic Perovskites of symmetry}},
  author={Cao, W. and Barsch, G. R.},
  volume={41},
  number={4334},
  year={1990},
  journal={Physical Review B}
}

@article{Li2001,
  title={{Phase-field model of domain structures in ferroelectric thin films}},
  author={Li, Y. L. and Hu, S. Y. and Liu, Z. K. and Chen, L.-Q.},
  volume={78},
  number={24},
  year={2001},
  journal={Applied Physical Letters}
}

@article{Mangeri2017,
  title={{Topological phase transformations and intrinsic size effects in ferroelectric nanoparticles}},
  author={Mangeri, John and Espinal, Yomery and Jokisaari, Andrea and Alpay, S. Pamir and Nakhmanson, Serge and Heinonen, Olle},
  journal={Nanoscale},
  volume={9},
  pages={1616-1624},
  year={2017},
  publisher={Royal Chemical Society}
}

@article{slaughter2021continuous,
  author    = {Andrew E. Slaughter and Cody J.Permann and Jason M. Miller and Brian K. Alger and Stephen R. Novascone},
  title     = {{Continuous Integration, In-Code Documentation, and Automation for Nuclear Quality Assurance Conformance}},
  journal   = {Nuclear Technology},
  volume    = {0},
  number    = {0},
  pages     = {1--8},
  year      = {2021},
  publisher = {Taylor & Francis},
  doi       = {10.1080/00295450.2020.1826804},
  url       = {https://doi.org/10.1080/00295450.2020.1826804}
}
